<?xml version="1.0" encoding="UTF-8"?><collection xmlns="http://www.loc.gov/MARC21/slim"><record><leader>00581nam--2200181-u-4500</leader><controlfield tag="001">000054747</controlfield><controlfield tag="002">20161230</controlfield><controlfield tag="005">20161230201051</controlfield><controlfield tag="008">120528s1000------------r-----000-0-rum-d</controlfield><datafield ind1=" " ind2=" " tag="040"><subfield code="a">IFIN-HH</subfield></datafield><datafield ind1=" " ind2=" " tag="041"><subfield code="a">rum</subfield></datafield><datafield ind1=" " ind2=" " tag="080"><subfield code="a">539.166:53.089.68:539.1.074.7(043.2)</subfield></datafield><datafield ind1="1" ind2=" " tag="100"><subfield code="a">Luca, Aurelian</subfield></datafield><datafield ind1="1" ind2="0" tag="245"><subfield code="a">Spectrometrie gamma de nivel redus prin metoda coincidentelor si anticoincidentelor. aplicatii</subfield><subfield code="b">Teza</subfield><subfield code="c">Aurelian luca</subfield></datafield><datafield ind1=" " ind2=" " tag="260"><subfield code="a">Bucuresti</subfield><subfield code="b">Institutul National De Fizica Atomica</subfield><subfield code="c">2004</subfield></datafield><datafield ind1=" " ind2=" " tag="300"><subfield code="a">140P. + ANEXE</subfield></datafield><datafield ind1=" " ind2=" " tag="852"><subfield code="a">81583</subfield><subfield code="c">539.163.2</subfield></datafield><datafield ind1=" " ind2=" " tag="CAT"><subfield code="a">Sys</subfield><subfield code="c">20120528</subfield><subfield code="h">145518</subfield></datafield></record></collection>